@misc{Webpy1,
  title = {{W}eb.py},
  howpublished = {\url{http://webpy.org/}},
  note = {Accessed: 2017-04-12}
}