@BOOK{Adams1978,
  author = {Adams},
  publisher = {Bookclub},
  title = {H2G2},
  year = {1978},
  abstract = {The+answer+to+life,+the+universe+and+everything+is+42},
  volume = {1}
}
